% Encoding: UTF-8

@inproceedings{Milioto2019,
  author    = {Milioto, Andres and Vizzo, Ignacio and Behley, Jens and Stachniss, Cyrill},
  booktitle = {IEEE/RSJ International Conference on Intelligent Robots and Systems (IROS)},
  title     = {RangeNet ++: Fast and Accurate LiDAR Semantic Segmentation},
  year      = {2019},
  pages     = {4213-4220},
  groups    = {Models},
}

@Article{bhandary2020evaluating,
  author  = {Bhandary K, Swaroop and Hochgeschwender, Nico and Pl{\"o}ger, Paul and Kirchner, Frank and Valdenegro-Toro, Matias},
  journal = {arXiv e-prints},
  title   = {Evaluating Uncertainty Estimation Methods on 3D Semantic Segmentation of Point Clouds},
  year    = {2020},
  pages   = {arXiv--2007},
  groups  = {Uncertainty Estimation},
}

@inproceedings{Behley_2019_ICCV,
  author    = {Behley, Jens and Garbade, Martin and Milioto, Andres and Quenzel, Jan and Behnke, Sven and Stachniss, Cyrill and Gall, Jurgen},
  booktitle = {Proceedings of the IEEE/CVF International Conference on Computer Vision (ICCV)},
  title     = {SemanticKITTI: A Dataset for Semantic Scene Understanding of LiDAR Sequences},
  year      = {2019},
  month     = {October},
  groups    = {3D datasets},
}

@inProceedings{caesar2020nuscenes,
  author    = {Caesar, Holger and Bankiti, Varun and Lang, Alex H and Vora, Sourabh and Liong, Venice Erin and Xu, Qiang and Krishnan, Anush and Pan, Yu and Baldan, Giancarlo and Beijbom, Oscar},
  booktitle = {Proceedings of the IEEE/CVF conference on computer vision and pattern recognition},
  title     = {nuscenes: A multimodal dataset for autonomous driving},
  year      = {2020},
  pages     = {11621--11631},
  groups    = {3D datasets},
}
@inproceedings{de2013unsupervised,
  title={Unsupervised feature learning for classification of outdoor 3d scans},
  author={De Deuge, Mark and Quadros, Alastair and Hung, Calvin and Douillard, Bertrand},
  booktitle={Australasian Conference on Robitics and Automation},
  volume={2},
  pages={1},
  year={2013}
}
@article{thrun2006stanley,
  title={Stanley: The robot that won the DARPA Grand Challenge},
  author={Thrun, Sebastian and Montemerlo, Mike and Dahlkamp, Hendrik and Stavens, David and Aron, Andrei and Diebel, James and Fong, Philip and Gale, John and Halpenny, Morgan and Hoffmann, Gabriel and others},
  journal={Journal of field Robotics},
  volume={23},
  number={9},
  pages={661--692},
  year={2006},
  publisher={Wiley Online Library}
}
@article{patz2008practical,
  title={A practical approach to robotic design for the darpa urban challenge},
  author={Patz, Benjamin J and Papelis, Yiannis and Pillat, Remo and Stein, Gary and Harper, Don},
  journal={Journal of Field Robotics},
  volume={25},
  number={8},
  pages={528--566},
  year={2008},
  publisher={Wiley Online Library}
}
@article{li2016vehicle,
  title={Vehicle detection from 3d lidar using fully convolutional network},
  author={Li, Bo and Zhang, Tianlei and Xia, Tian},
  journal={arXiv preprint arXiv:1608.07916},
  year={2016}
}
@INPROCEEDINGS{hess20162dSLAM,
  author={Hess, Wolfgang and Kohler, Damon and Rapp, Holger and Andor, Daniel},
  booktitle={IEEE International Conference on Robotics and Automation (ICRA)}, 
  title={Real-time loop closure in 2D LIDAR SLAM}, 
  year={2016},
  volume={},
  number={},
  pages={1271-1278}}
@article{ZHU201612,
title = {Beyond pixels: A comprehensive survey from bottom-up to semantic image segmentation and cosegmentation},
journal = {Journal of Visual Communication and Image Representation},
volume = {34},
pages = {12-27},
year = {2016},
issn = {1047-3203},
author = {Hongyuan Zhu and Fanman Meng and Jianfei Cai and Shijian Lu},
}

@Article{qi2017pointnet++,
  author  = {Qi, Charles R and Yi, Li and Su, Hao and Guibas, Leonidas J},
  journal = {arXiv preprint arXiv:1706.02413},
  title   = {Pointnet++: Deep hierarchical feature learning on point sets in a metric space},
  year    = {2017},
  groups  = {Models},
}

@InProceedings{Hu_2020_CVPR_Randla,
  author    = {Hu, Qingyong and Yang, Bo and Xie, Linhai and Rosa, Stefano and Guo, Yulan and Wang, Zhihua and Trigoni, Niki and Markham, Andrew},
  booktitle = {Proceedings of the IEEE/CVF Conference on Computer Vision and Pattern Recognition (CVPR)},
  title     = {RandLA-Net: Efficient Semantic Segmentation of Large-Scale Point Clouds},
  year      = {2020},
  month     = {June},
  groups    = {Models},
}

@InProceedings{Sequeseseg_2018,
  author    = {Wu, Bichen and Wan, Alvin and Yue, Xiangyu and Keutzer, Kurt},
  booktitle = {IEEE International Conference on Robotics and Automation (ICRA)},
  title     = {SqueezeSeg: Convolutional Neural Nets with Recurrent CRF for Real-Time Road-Object Segmentation from 3D LiDAR Point Cloud},
  year      = {2018},
  pages     = {1887-1893},
  groups    = {Models},
}

@InProceedings{SalsaNext_2020,
  author    = {Cortinhal, Tiago and Tzelepis, George and Erdal Aksoy, Eren},
  booktitle = {Advances in Visual Computing},
  title     = {SalsaNext: Fast, Uncertainty-Aware Semantic Segmentation of LiDAR Point Clouds},
  year      = {2020},
  address   = {Cham},
  editor    = {Bebis, George and Yin, Zhaozheng and Kim, Edward and Bender, Jan and Subr, Kartic and Kwon, Bum Chul and Zhao, Jian and Kalkofen, Denis and Baciu, George},
  pages     = {207--222},
  publisher = {Springer International Publishing},
  groups    = {Models},
  isbn      = {978-3-030-64559-5},
}

@InProceedings{Qi_2017_CVPR_pointnet,
  author    = {Qi, Charles R. and Su, Hao and Mo, Kaichun and Guibas, Leonidas J.},
  booktitle = {Proceedings of the IEEE Conference on Computer Vision and Pattern Recognition (CVPR)},
  title     = {PointNet: Deep Learning on Point Sets for 3D Classification and Segmentation},
  year      = {2017},
  month     = {July},
  groups    = {Models},
}

@InProceedings{Su_2018_CVPR_splatnet,
  author    = {Su, Hang and Jampani, Varun and Sun, Deqing and Maji, Subhransu and Kalogerakis, Evangelos and Yang, Ming-Hsuan and Kautz, Jan},
  booktitle = {Proceedings of the IEEE Conference on Computer Vision and Pattern Recognition (CVPR)},
  title     = {SPLATNet: Sparse Lattice Networks for Point Cloud Processing},
  year      = {2018},
  month     = {June},
  groups    = {Models},
}

@InProceedings{Tatarchenko_2018_CVPR_tangconv,
  author    = {Tatarchenko, Maxim and Park, Jaesik and Koltun, Vladlen and Zhou, Qian-Yi},
  booktitle = {Proceedings of the IEEE Conference on Computer Vision and Pattern Recognition (CVPR)},
  title     = {Tangent Convolutions for Dense Prediction in 3D},
  year      = {2018},
  month     = {June},
  groups    = {Models},
}

@InProceedings{Zhang_2019_ICCV_shellnet,
  author    = {Zhang, Zhiyuan and Hua, Binh-Son and Yeung, Sai-Kit},
  booktitle = {Proceedings of the IEEE/CVF International Conference on Computer Vision (ICCV)},
  title     = {ShellNet: Efficient Point Cloud Convolutional Neural Networks Using Concentric Shells Statistics},
  year      = {2019},
  month     = {October},
  groups    = {Models},
}

@Article{li2018pointcnn,
  author  = {Li, Yangyan and Bu, Rui and Sun, Mingchao and Wu, Wei and Di, Xinhan and Chen, Baoquan},
  journal = {Advances in neural information processing systems},
  title   = {Pointcnn: Convolution on x-transformed points},
  year    = {2018},
  pages   = {820--830},
  volume  = {31},
  groups  = {Models},
}

@Article{3Dmininet,
  author  = {Alonso, IÃ±igo and Riazuelo, Luis and Montesano, Luis and Murillo, Ana C.},
  journal = {IEEE Robotics and Automation Letters},
  title   = {3D-MiniNet: Learning a 2D Representation From Point Clouds for Fast and Efficient 3D LIDAR Semantic Segmentation},
  year    = {2020},
  number  = {4},
  pages   = {5432-5439},
  volume  = {5},
  groups  = {Models},
}

@Article{kochanov2020kprnet,
  author  = {Kochanov, Deyvid and Nejadasl, Fatemeh Karimi and Booij, Olaf},
  journal = {arXiv preprint arXiv:2007.12668},
  title   = {Kprnet: Improving projection-based lidar semantic segmentation},
  year    = {2020},
  groups  = {Models},
}

@InProceedings{liseg,
  author    = {Zhang, Wenquan and Zhou, Chancheng and Yang, Junjie and Huang, Kai},
  booktitle = {2018 IEEE Intelligent Vehicles Symposium (IV)},
  title     = {LiSeg: Lightweight Road-object Semantic Segmentation In 3D LiDAR Scans For Autonomous Driving},
  year      = {2018},
  pages     = {1021-1026},
  groups    = {Models},
}
@article{rosu2019latticenet,
  title={Latticenet: Fast point cloud segmentation using permutohedral lattices},
  author={Rosu, Radu Alexandru and Sch{\"u}tt, Peer and Quenzel, Jan and Behnke, Sven},
  journal={arXiv preprint arXiv:1912.05905},
  year={2019}
}
@inproceedings{spvnas,
  title = {Searching Efficient 3D Architectures with Sparse Point-Voxel Convolution},
  author = {Tang, Haotian and Liu, Zhijian and Zhao, Shengyu and Lin, Yujun and Lin, Ji and Wang, Hanrui and Han, Song},
  booktitle = {European Conference on Computer Vision},
  year = {2020}
}
@InProceedings{af2s3net,
    author    = {Cheng, Ran and Razani, Ryan and Taghavi, Ehsan and Li, Enxu and Liu, Bingbing},
    title     = {(AF)2-S3Net: Attentive Feature Fusion With Adaptive Feature Selection for Sparse Semantic Segmentation Network},
    booktitle = {Proceedings of the IEEE/CVF Conference on Computer Vision and Pattern Recognition (CVPR)},
    month     = {June},
    year      = {2021},
    pages     = {12547-12556}
}
@article{zhu2020cylindrical,
  title={Cylindrical and Asymmetrical 3D Convolution Networks for LiDAR Segmentation},
  author={Zhu, Xinge and Zhou, Hui and Wang, Tai and Hong, Fangzhou and Ma, Yuexin and Li, Wei and Li, Hongsheng and Lin, Dahua},
  journal={arXiv preprint arXiv:2011.10033},
  year={2020}
}
@INPROCEEDINGS{SqueezeSegv2,
  author={Wu, Bichen and Zhou, Xuanyu and Zhao, Sicheng and Yue, Xiangyu and Keutzer, Kurt},
  booktitle={International Conference on Robotics and Automation (ICRA)}, 
  title={SqueezeSegV2: Improved Model Structure and Unsupervised Domain Adaptation for Road-Object Segmentation from a LiDAR Point Cloud}, 
  year={2019},
  volume={},
  number={},
  pages={4376-4382}
}
@inproceedings{xu2020squeezesegv3,
  title={Squeezesegv3: Spatially-adaptive convolution for efficient point-cloud segmentation},
  author={Xu, Chenfeng and Wu, Bichen and Wang, Zining and Zhan, Wei and Vajda, Peter and Keutzer, Kurt and Tomizuka, Masayoshi},
  booktitle={European Conference on Computer Vision},
  pages={1--19},
  year={2020},
  organization={Springer}
}
@inproceedings{salsanet2020,
    author={Aksoy, Eren Erdal and  Baci, Saimir and Cavdar, Selcuk},
    title={SalsaNet: Fast Road and Vehicle Segmentation in LiDAR Point Clouds for Autonomous Driving},
    booktitle = {IEEE Intelligent Vehicles Symposium},
    year      = 2020,
    codeurl   = {https://gitlab.com/aksoyeren/salsanet}
}

@Article{wang2018two_3DUnet,
  author  = {Wang, Chengjia and MacGillivray, Tom and Macnaught, Gillian and Yang, Guang and Newby, David},
  journal = {arXiv preprint arXiv:1804.04341},
  title   = {A two-stage 3D Unet framework for multi-class segmentation on full resolution image},
  year    = {2018},
  groups  = {Models},
}

@Article{zhou2020cylinder3d,
  author  = {Zhou, Hui and Zhu, Xinge and Song, Xiao and Ma, Yuexin and Wang, Zhe and Li, Hongsheng and Lin, Dahua},
  journal = {arXiv preprint arXiv:2008.01550},
  title   = {Cylinder3d: An effective 3d framework for driving-scene lidar semantic segmentation},
  year    = {2020},
  groups  = {Models},
}
@InProceedings{polarnet,
author = {Zhang, Yang and Zhou, Zixiang and David, Philip and Yue, Xiangyu and Xi, Zerong and Gong, Boqing and Foroosh, Hassan},
title = {PolarNet: An Improved Grid Representation for Online LiDAR Point Clouds Semantic Segmentation},
booktitle = {Proceedings of the IEEE/CVF Conference on Computer Vision and Pattern Recognition (CVPR)},
month = {June},
year = {2020}
}
@Article{dyn_graph_cnn,
  author     = {Wang, Yue and Sun, Yongbin and Liu, Ziwei and Sarma, Sanjay E. and Bronstein, Michael M. and Solomon, Justin M.},
  journal    = {ACM Transactions On Graphics (TOG)},
  title      = {Dynamic Graph CNN for Learning on Point Clouds},
  year       = {2019},
  issn       = {0730-0301},
  month      = oct,
  number     = {5},
  volume     = {38},
  address    = {New York, NY, USA},
  articleno  = {146},
  groups     = {Models},
  issue_date = {November 2019},
  numpages   = {12},
  publisher  = {Association for Computing Machinery},
}

@InProceedings{Wang_2019_CVPR_GACNet,
  author    = {Wang, Lei and Huang, Yuchun and Hou, Yaolin and Zhang, Shenman and Shan, Jie},
  booktitle = {Proceedings of the IEEE/CVF Conference on Computer Vision and Pattern Recognition (CVPR)},
  title     = {Graph Attention Convolution for Point Cloud Semantic Segmentation},
  year      = {2019},
  month     = {June},
  groups    = {Models},
}
@INPROCEEDINGS{oakland,
  author={Munoz, Daniel and Bagnell, J. Andrew and Vandapel, Nicolas and Hebert, Martial},
  booktitle={IEEE Conference on Computer Vision and Pattern Recognition}, 
  title={Contextual classification with functional Max-Margin Markov Networks}, 
  year={2009},
  volume={},
  number={},
  pages={975-982}}
@article{gehrung2017approach_tum_campus,
  title={AN APPROACH TO EXTRACT MOVING OBJECTS FROM MLS DATA USING A VOLUMETRIC BACKGROUND REPRESENTATION.},
  author={Gehrung, Joachim and Hebel, Marcus and Arens, Michael and Stilla, Uwe},
  journal={ISPRS Annals of Photogrammetry, Remote Sensing \& Spatial Information Sciences},
  volume={4},
  year={2017}
}
@InProceedings{Armeni_2016_CVPR_S3DIS,
author = {Armeni, Iro and Sener, Ozan and Zamir, Amir R. and Jiang, Helen and Brilakis, Ioannis and Fischer, Martin and Savarese, Silvio},
title = {3D Semantic Parsing of Large-Scale Indoor Spaces},
booktitle = {Proceedings of the IEEE Conference on Computer Vision and Pattern Recognition (CVPR)},
month = {June},
year = {2016}
}

@Article{roynard2018paris,
  author    = {Roynard, Xavier and Deschaud, Jean-Emmanuel and Goulette, Fran{\c{c}}ois},
  journal   = {The International Journal of Robotics Research},
  title     = {Paris-Lille-3D: A large and high-quality ground-truth urban point cloud dataset for automatic segmentation and classification},
  year      = {2018},
  number    = {6},
  pages     = {545--557},
  volume    = {37},
  groups    = {3D datasets},
  publisher = {SAGE Publications Sage UK: London, England},
}

@Article{hackel2017semantic3d,
  author  = {Hackel, Timo and Savinov, Nikolay and Ladicky, Lubor and Wegner, Jan D and Schindler, Konrad and Pollefeys, Marc},
  journal = {arXiv preprint arXiv:1704.03847},
  title   = {Semantic3d. net: A new large-scale point cloud classification benchmark},
  year    = {2017},
  groups  = {3D datasets},
}

@Article{geyer2020a2d2,
  author  = {Geyer, Jakob and Kassahun, Yohannes and Mahmudi, Mentar and Ricou, Xavier and Durgesh, Rupesh and Chung, Andrew S and Hauswald, Lorenz and Pham, Viet Hoang and M{\"u}hlegg, Maximilian and Dorn, Sebastian and others},
  journal = {arXiv preprint arXiv:2004.06320},
  title   = {A2D2: Audi autonomous driving dataset},
  year    = {2020},
  groups  = {3D datasets},
}

@InProceedings{Xie_2016_CVPR_KITTI_360,
  author    = {Xie, Jun and Kiefel, Martin and Sun, Ming-Ting and Geiger, Andreas},
  booktitle = {Proceedings of the IEEE Conference on Computer Vision and Pattern Recognition (CVPR)},
  title     = {Semantic Instance Annotation of Street Scenes by 3D to 2D Label Transfer},
  year      = {2016},
  month     = {June},
  groups    = {3D datasets},
}

@InProceedings{KITTI,
  author    = {Geiger, Andreas and Lenz, Philip and Urtasun, Raquel},
  booktitle = {2012 IEEE Conference on Computer Vision and Pattern Recognition},
  title     = {Are we ready for autonomous driving? The KITTI vision benchmark suite},
  year      = {2012},
  pages     = {3354-3361},
  groups    = {3D datasets},
}

@InProceedings{H3D,
  author    = {Patil, Abhishek and Malla, Srikanth and Gang, Haiming and Chen, Yi-Ting},
  booktitle = {2019 International Conference on Robotics and Automation (ICRA)},
  title     = {The H3D Dataset for Full-Surround 3D Multi-Object Detection and Tracking in Crowded Urban Scenes},
  year      = {2019},
  pages     = {9552-9557},
  groups    = {3D datasets},
}

@InProceedings{Bijelic_2020_CVPR_DENSE,
author = {Bijelic, Mario and Gruber, Tobias and Mannan, Fahim and Kraus, Florian and Ritter, Werner and Dietmayer, Klaus and Heide, Felix},
title = {Seeing Through Fog Without Seeing Fog: Deep Multimodal Sensor Fusion in Unseen Adverse Weather},
booktitle = {Proceedings of the IEEE/CVF Conference on Computer Vision and Pattern Recognition (CVPR)},
month = {June},
year = {2020}
}

@Article{griffiths2019synthcity,
  author  = {Griffiths, David and Boehm, Jan},
  journal = {arXiv preprint arXiv:1907.04758},
  title   = {SynthCity: A large scale synthetic point cloud},
  year    = {2019},
  groups  = {3D datasets},
}
@InProceedings{GTAV,
author="Richter, Stephan R.
and Vineet, Vibhav
and Roth, Stefan
and Koltun, Vladlen",
editor="Leibe, Bastian
and Matas, Jiri
and Sebe, Nicu
and Welling, Max",
title="Playing for Data: Ground Truth from Computer Games",
booktitle="Computer Vision -- ECCV 2016",
year="2016",
publisher="Springer International Publishing",
address="Cham",
pages="102--118",
isbn="978-3-319-46475-6"
}

@Article{hendrycks2016baseline_MSP,
  author  = {Hendrycks, Dan and Gimpel, Kevin},
  journal = {arXiv preprint arXiv:1610.02136},
  title   = {A baseline for detecting misclassified and out-of-distribution examples in neural networks},
  year    = {2016},
  groups  = {OOD},
}

@Article{liang2017enhancing_ODIN,
  author  = {Liang, Shiyu and Li, Yixuan and Srikant, Rayadurgam},
  journal = {arXiv preprint arXiv:1706.02690},
  title   = {Enhancing the reliability of out-of-distribution image detection in neural networks},
  year    = {2017},
  groups  = {OOD},
}

@Article{lee2018simple_mahalanobis,
  author  = {Lee, Kimin and Lee, Kibok and Lee, Honglak and Shin, Jinwoo},
  journal = {Advances in neural information processing systems},
  title   = {A simple unified framework for detecting out-of-distribution samples and adversarial attacks},
  year    = {2018},
  volume  = {31},
  groups  = {OOD},
}

@Article{hendrycks2018deep_OE,
  author  = {Hendrycks, Dan and Mazeika, Mantas and Dietterich, Thomas},
  journal = {arXiv preprint arXiv:1812.04606},
  title   = {Deep anomaly detection with outlier exposure},
  year    = {2018},
  groups  = {OOD},
}

@Article{chen2020robust,
  author  = {Chen, Jiefeng and Li, Yixuan and Wu, Xi and Liang, Yingyu and Jha, Somesh},
  journal = {arXiv preprint arXiv:2003.09711},
  title   = {Robust out-of-distribution detection for neural networks},
  year    = {2020},
  groups  = {OOD},
}

@Article{lakshminarayanan2016simple,
  author  = {Lakshminarayanan, Balaji and Pritzel, Alexander and Blundell, Charles},
  journal = {arXiv preprint arXiv:1612.01474},
  title   = {Simple and scalable predictive uncertainty estimation using deep ensembles},
  year    = {2016},
  groups  = {Uncertainty Estimation},
}

@InProceedings{pmlr-v119-van-amersfoort20a,
  author    = {Van Amersfoort, Joost and Smith, Lewis and Teh, Yee Whye and Gal, Yarin},
  booktitle = {37th International Conference on Machine Learning},
  title     = {Uncertainty Estimation Using a Single Deep Deterministic Neural Network},
  year      = {2020},
  editor    = {III, Hal DaumÃ© and Singh, Aarti},
  month     = {13--18 Jul},
  pages     = {9690--9700},
  publisher = {PMLR},
  series    = {Proceedings of Machine Learning Research},
  volume    = {119},
  groups    = {Uncertainty Estimation},
}

@Article{bevandic2018discriminative,
  author  = {Bevandi{\'c}, Petra and Kre{\v{s}}o, Ivan and Or{\v{s}}i{\'c}, Marin and {\v{S}}egvi{\'c}, Sini{\v{s}}a},
  journal = {arXiv preprint arXiv:1808.07703},
  title   = {Discriminative out-of-distribution detection for semantic segmentation},
  year    = {2018},
  groups  = {OOD},
}

@InProceedings{Robinchan_2021_ICCV,
  author    = {Chan, Robin and Rottmann, Matthias and Gottschalk, Hanno},
  booktitle = {Proceedings of the IEEE/CVF International Conference on Computer Vision (ICCV)},
  title     = {Entropy Maximization and Meta Classification for Out-of-Distribution Detection in Semantic Segmentation},
  year      = {2021},
  month     = {October},
  pages     = {5128-5137},
  groups    = {OOD},
}

@Article{angus2019_pixellevelOOD,
  author  = {Angus, Matt and Czarnecki, Krzysztof and Salay, Rick},
  journal = {arXiv preprint arXiv:1911.02897},
  title   = {Efficacy of pixel-level OOD detection for semantic segmentation},
  year    = {2019},
  groups  = {OOD},
}

@InProceedings{Bozorgtabar_2021_ICCV,
  author    = {Bozorgtabar, Behzad and Vray, Guillaume and Mahapatra, Dwarikanath and Thiran, Jean-Philippe},
  booktitle = {Proceedings of the IEEE/CVF International Conference on Computer Vision (ICCV) Workshops},
  title     = {SOoD: Self-Supervised Out-of-Distribution Detection Under Domain Shift for Multi-Class Colorectal Cancer Tissue Types},
  year      = {2021},
  month     = {October},
  pages     = {3324-3333},
  groups    = {OOD},
}

@Article{gawlikowski2021survey,
  author  = {Gawlikowski, Jakob and Tassi, Cedrique Rovile Njieutcheu and Ali, Mohsin and Lee, Jongseok and Humt, Matthias and Feng, Jianxiang and Kruspe, Anna and Triebel, Rudolph and Jung, Peter and Roscher, Ribana and others},
  journal = {arXiv preprint arXiv:2107.03342},
  title   = {A survey of uncertainty in deep neural networks},
  year    = {2021},
  groups  = {Uncertainty Estimation},
}

@Article{techapanurak2021practical,
  author  = {Techapanurak, Engkarat and Okatani, Takayuki},
  journal = {arXiv preprint arXiv:2101.02447},
  title   = {Practical Evaluation of Out-of-Distribution Detection Methods for Image Classification},
  year    = {2021},
  groups  = {OOD},
}

@article{imagenet,
  title={Imagenet large scale visual recognition challenge},
  author={Russakovsky, Olga and Deng, Jia and Su, Hao and Krause, Jonathan and Satheesh, Sanjeev and Ma, Sean and Huang, Zhiheng and Karpathy, Andrej and Khosla, Aditya and Bernstein, Michael and others},
  journal={International journal of computer vision},
  volume={115},
  number={3},
  pages={211--252},
  year={2015},
  publisher={Springer}
}
@article{pascalvoc,
  title={The pascal visual object classes (voc) challenge},
  author={Everingham, Mark and Van Gool, Luc and Williams, Christopher KI and Winn, John and Zisserman, Andrew},
  journal={International journal of computer vision},
  volume={88},
  number={2},
  pages={303--338},
  year={2010},
  publisher={Springer}
}
@inproceedings{coco,
  title={Microsoft coco: Common objects in context},
  author={Lin, Tsung-Yi and Maire, Michael and Belongie, Serge and Hays, James and Perona, Pietro and Ramanan, Deva and Doll{\'a}r, Piotr and Zitnick, C Lawrence},
  booktitle={European conference on computer vision},
  pages={740--755},
  year={2014},
  organization={Springer}
}
@INPROCEEDINGS{slam,
  author={Khan, Misha Urooj and Zaidi, Syed Azhar Ali and Ishtiaq, Arslan and Bukhari, Syeda Ume Rubab and Samer, Sana and Farman, Ayesha},
  booktitle={2021 Mohammad Ali Jinnah University International Conference on Computing (MAJICC)}, 
  title={A Comparative Survey of LiDAR-SLAM and LiDAR based Sensor Technologies}, 
  year={2021},
  volume={},
  number={},
  pages={1-8}}

@inproceedings{zhou2018voxelnet,
  title={Voxelnet: End-to-end learning for point cloud based 3d object detection},
  author={Zhou, Yin and Tuzel, Oncel},
  booktitle={Proceedings of the IEEE conference on computer vision and pattern recognition},
  pages={4490--4499},
  year={2018}
}
@InProceedings{PIXOR,
author = {Yang, Bin and Luo, Wenjie and Urtasun, Raquel},
title = {PIXOR: Real-Time 3D Object Detection From Point Clouds},
booktitle = {Proceedings of the IEEE Conference on Computer Vision and Pattern Recognition (CVPR)},
month = {June},
year = {2018}
}
@ARTICLE{survey3d,
  author={Gao, Biao and Pan, Yancheng and Li, Chengkun and Geng, Sibo and Zhao, Huijing},
  journal={IEEE Transactions on Intelligent Transportation Systems}, 
  title={Are We Hungry for 3D LiDAR Data for Semantic Segmentation? A Survey of Datasets and Methods}, 
  year={2021},
  volume={},
  number={},
  pages={1-19}}

@article{Lyftl5,
  title={One thousand and one hours: Self-driving motion prediction dataset},
  author={Houston, John and Zuidhof, Guido and Bergamini, Luca and Ye, Yawei and Chen, Long and Jain, Ashesh and Omari, Sammy and Iglovikov, Vladimir and Ondruska, Peter},
  journal={arXiv preprint arXiv:2006.14480},
  year={2020}
}

@article{tls,
title = {A unified approach to self-calibration of terrestrial laser scanners},
journal = {ISPRS Journal of Photogrammetry and Remote Sensing},
volume = {65},
number = {5},
pages = {445-456},
year = {2010},
issn = {0924-2716},
author = {Yuriy Reshetyuk},
}

@inproceedings{paris_rue_madame,
  title = {{Paris-rue-Madame database: a 3D mobile laser scanner dataset for benchmarking urban detection, segmentation and classification methods}},
  author = {Serna, Andr{\'e}s and Marcotegui, Beatriz and Goulette, Fran{\c c}ois and Deschaud, Jean-Emmanuel},
  booktitle = {{4th International Conference on Pattern Recognition, Applications and Methods ICPRAM}},
  address = {Angers, France},
  year = {2014},
  month = Mar,
}
@InProceedings{scanobejctnn,
author = {Uy, Mikaela Angelina and Pham, Quang-Hieu and Hua, Binh-Son and Nguyen, Thanh and Yeung, Sai-Kit},
title = {Revisiting Point Cloud Classification: A New Benchmark Dataset and Classification Model on Real-World Data},
booktitle = {Proceedings of the IEEE/CVF International Conference on Computer Vision (ICCV)},
month = {October},
year = {2019}
}
@article{TerraMobilita,
title = {TerraMobilita/iQmulus urban point cloud analysis benchmark},
journal = {Computers \& Graphics},
volume = {49},
pages = {126-133},
year = {2015},
issn = {0097-8493},
author = {Vallet, Bruno and Br{\'e}dif, Mathieu and Serna, Andr{\'e}s and Marcotegui, Beatriz and Paparoditis, Nicolas},
}
@inproceedings{varney2020dales,
  title={DALES: A Large-scale Aerial LiDAR Data Set for Semantic Segmentation},
  author={Varney, Nina and Asari, Vijayan K and Graehling, Quinn},
  booktitle={Proceedings of the IEEE/CVF Conference on Computer Vision and Pattern Recognition Workshops},
  pages={186--187},
  year={2020}
}
@article{Weng2020_AIODrive,
author = {Weng, Xinshuo and Man, Yunze and Cheng, Dazhi and Park, Jinhyung and O'Toole, Matthew and Kitani, Kris},
journal = {arXiv},
title = {{All-In-One Drive: A Large-Scale Comprehensive Perception Dataset with High-Density Long-Range Point Clouds}},
year = {2020}
}
@INPROCEEDINGS{PandaSet,
  author={Xiao, Pengchuan and Shao, Zhenlei and Hao, Steven and Zhang, Zishuo and Chai, Xiaolin and Jiao, Judy and Li, Zesong and Wu, Jian and Sun, Kai and Jiang, Kun and Wang, Yunlong and Yang, Diange},
  booktitle={IEEE International Intelligent Transportation Systems Conference (ITSC)}, 
  title={PandaSet: Advanced Sensor Suite Dataset for Autonomous Driving}, 
  year={2021},
  volume={},
  number={},
  pages={3095-3101}}
@misc{pan2020semanticposs,
title={Semanticposs: A point cloud dataset with large quantity of dynamic instances},
  author={Pan, Yancheng and Gao, Biao and Mei, Jilin and Geng, Sibo and Li, Chengkun and Zhao, Huijing},
  booktitle={IEEE Intelligent Vehicles Symposium (IV)},
  pages={687--693},
  year={2020},
  organization={IEEE}
}
@inproceedings{tan2020toronto3d,
    title={Toronto-3D: A large-scale mobile lidar dataset for semantic segmentation of urban roadways},
    author={Tan, Weikai and Qin, Nannan and Ma, Lingfei and Li, Ying and Du, Jing and Cai, Guorong and Yang, Ke and Li, Jonathan},
    booktitle={Proceedings of the IEEE/CVF Conference on Computer Vision and Pattern Recognition Workshops},
    pages={202--203},
    year={2020}
}

% Images references
@misc{old_ship,
  author       = {Christian Spahrbier},
  title        = {Port Anniversary-Ship Arrivals},
  year         = {2019},
  note         = {[Online; accessed December 20, 2021]},
  url          = {https://www.hamburg.com/port-anniversary/11615722/ship-arrivals/}
}

@misc{train_cruiser,
  author       = {Karl-Heinz Hochhaus},
  title        = {MS Hamburg in Plantours livery},
  year         = {2013},
  note         = {[Online; accessed December 20, 2021]},
  url          = {https://en.wikipedia.org/wiki/MS_Hamburg#/media/File:2013-05_11_Hamburg_DSCI2958_P.JPG}
}

@misc{titanic,
  author       = {Francis Godolphin Osbourne Stuart},
  title        = {The Titanic departing Southampton on April 10, 1912},
  year         = {1912},
  note         = {[Online; accessed December 20, 2021]},
  url          = {https://de.wikipedia.org/wiki/RMS_Titanic#/media/Datei:RMS_Titanic_3.jpg}
}

@misc{container,
  author       = {Laura A. Moore},
  title        = {Container ship MV Maersk Alabama leaves Mombasa, Kenya},
  year         = {2009},
  note         = {[Online; accessed December 20, 2021]},
  url          = {https://en.wikipedia.org/wiki/Container_ship#/media/File:Container_ship_MV_Maersk_Alabama.jpg}
}

@misc{submarine,
  author       = {Candeo gauisus},
  title        = {Kursura as a museum ship in Visakhapatnam},
  year         = {2008},
  note         = {[Online; accessed December 20, 2021]},
  url          = {https://en.wikipedia.org/wiki/INS_Kursura_(S20)#/media/File:INS_Kursura_(S20).jpg}
}

@misc{airship,
  author       = {Unknown author, \-Weltrundschau zu Reclams Universum 1913},
  title        = {LZ 18 (L 2)},
  year         = {1913},
  note         = {[Online; accessed December 20, 2021]},
  url          = {https://en.wikipedia.org/wiki/Zeppelin#/media/File:LZ_18.jpg}
} 

@misc{tesla_fails,
  author       = {Tim Levin},
  title        = {Tesla's Full Self-Driving tech keeps getting fooled by the moon, billboards, and Burger King signs},
  year         = {2021},
  note         = {[Online; accessed December 24, 2021]},
  url          = {https://www.businessinsider.in/thelife/news/teslas-full-self-driving-tech-keeps-getting-fooled-by-the-moon-billboards-and-burger-king-signs/articleshow/84769896.cms}
} 

@misc{matterport_scan_generation,
  author       = {Veriscian Pty Ltd},
  title        = {Cloud services for 3D scanning},
  year         = {-},
  note         = {[Online; accessed April 10, 2022]},
  url          = {https://www.veriscian.com/cloud-services/convert-matterport-scan-to-point-cloud}
} 

@Comment{jabref-meta: databaseType:bibtex;}

@Comment{jabref-meta: grouping:
0 AllEntriesGroup:;
1 StaticGroup:Models\;0\;1\;0xff00ffff\;\;3D semantic segmentation models\;;
1 StaticGroup:Uncertainty Estimation\;0\;0\;0x008000ff\;\;Papers about uncertianty estimation\;;
1 StaticGroup:3D datasets\;0\;0\;0x0000ffff\;\;Papers reagrding the datasets\;;
1 StaticGroup:OOD\;0\;1\;0xff0000ff\;\;Papers related to OOD\;;
}

@INPROCEEDINGS{autonomousdriving,
  author={Levinson, Jesse and Askeland, Jake and Becker, Jan and Dolson, Jennifer and Held, David and Kammel, Soeren and Kolter, J. Zico and Langer, Dirk and Pink, Oliver and Pratt, Vaughan and Sokolsky, Michael and Stanek, Ganymed and Stavens, David and Teichman, Alex and Werling, Moritz and Thrun, Sebastian},
  booktitle={IEEE Intelligent Vehicles Symposium (IV)}, 
  title={Towards fully autonomous driving: Systems and algorithms}, 
  year={2011},
  volume={},
  number={},
  pages={163-168}
}

@article{roboticsurgery,
author = {Moustris, G. P. and Hiridis, S. C. and Deliparaschos, K. M. and Konstantinidis, K. M.},
title = {Evolution of autonomous and semi-autonomous robotic surgical systems: a review of the literature},
journal = {The International Journal of Medical Robotics and Computer Assisted Surgery},
volume = {7},
number = {4},
pages = {375-392},
keywords = {minimally invasive surgery (MIS), robotic surgery, autonomous robots},
year = {2011}
}

ï»¿@Article{Marsrover_1,
author={Maurette, M.},
title={Mars Rover Autonomous Navigation},
journal={Autonomous Robots},
year={2003},
month={Mar},
day={01},
volume={14},
number={2},
pages={199-208},
issn={1573-7527}
}
@ARTICLE{Marsrover_2,
  author={Bajracharya, Max and Maimone, Mark W. and Helmick, Daniel},
  journal={Computer}, 
  title={Autonomy for Mars Rovers: Past, Present, and Future}, 
  year={2008},
  volume={41},
  number={12},
  pages={44-50},
  publisher={IEEE}

}

@article{baiduapollo,
  title={Baidu apollo em motion planner},
  author={Fan, Haoyang and Zhu, Fan and Liu, Changchun and Zhang, Liangliang and Zhuang, Li and Li, Dong and Zhu, Weicheng and Hu, Jiangtao and Li, Hongye and Kong, Qi},
  journal={arXiv preprint arXiv:1807.08048},
  year={2018}
}
@inproceedings{bhanu1986range,
  title={Range data processing: Representation of surfaces by edges},
  author={Bhanu, Bir and Lee, Sungkee and Ho, Chih-Cheng and Henderson, Tom},
  booktitle={Proceedings of the eighth international conference on pattern recognition},
  pages={236--238},
  year={1986},
  organization={IEEE Computer Society Press}
}
@ARTICLE{koster,
  author={Koster, K. and Spann, M.},
  journal={IEEE Transactions on Pattern Analysis and Machine Intelligence}, 
  title={MIR: an approach to robust clustering-application to range image segmentation}, 
  year={2000},
  volume={22},
  number={5},
  pages={430-444}}

@article{vosselman20013d,
  title={3D building model reconstruction from point clouds and ground plans},
  author={Vosselman, George and Dijkman, Sander and others},
  journal={International archives of photogrammetry remote sensing and spatial information sciences},
  volume={34},
  number={3/W4},
  pages={37--44},
  year={2001},
  publisher={Citeseer}
}

@inproceedings{tarsha2007hough,
  title={Hough-transform and extended ransac algorithms for automatic detection of 3d building roof planes from lidar data},
  author={Tarsha-Kurdi, Fayez and Landes, Tania and Grussenmeyer, Pierre},
  booktitle={ISPRS Workshop on Laser Scanning and SilviLaser},
  volume={36},
  pages={407--412},
  year={2007}
}
@inproceedings{schnabel2007efficient,
  title={Efficient RANSAC for point-cloud shape detection},
  author={Schnabel, Ruwen and Wahl, Roland and Klein, Reinhard},
  booktitle={Computer graphics forum},
  volume={26},
  number={2},
  pages={214--226},
  year={2007},
  organization={Wiley Online Library}
}

@INPROCEEDINGS{SPGraph,
  author={Lowphansirikul, Chakri and Kim, Kvoung-Sook and Vinayaraj, Poliyapram and Tuarob, Suppawong},
  booktitle={2019 11th International Conference on Knowledge and Smart Technology (KST)}, 
  title={3D Semantic Segmentation of Large-Scale Point-Clouds in Urban Areas Using Deep Learning}, 
  year={2019},
  volume={},
  number={},
  pages={238-243}}

@inproceedings{fasterrcnn,
  author    = {Shaoqing Ren and
               Kaiming He and
               Ross B. Girshick and
               Jian Sun},
  editor    = {Corinna Cortes and
               Neil D. Lawrence and
               Daniel D. Lee and
               Masashi Sugiyama and
               Roman Garnett},
  title     = {Faster {R-CNN:} Towards Real-Time Object Detection with Region Proposal
               Networks},
  booktitle = {Advances in Neural Information Processing Systems},
  volume = {28},
  pages     = {91--99},
  year      = {2015}
}

@inproceedings{fastrcnn,
  author    = {Ross B. Girshick},
  title     = {Fast {R-CNN}},
  booktitle = {2015 {IEEE} International Conference on Computer Vision, {ICCV}},
  pages     = {1440--1448},
  publisher = {{IEEE} Computer Society},
  year      = {2015}
}

@inproceedings{alexnet,
  author    = {Alex Krizhevsky and
               Ilya Sutskever and
               Geoffrey E. Hinton},
  editor    = {Peter L. Bartlett and
               Fernando C. N. Pereira and
               Christopher J. C. Burges and
               L{\'{e}}on Bottou and
               Kilian Q. Weinberger},
  title     = {ImageNet Classification with Deep Convolutional Neural Networks},
  booktitle = {Advances in Neural Information Processing Systems},
  pages     = {1106--1114},
  volume = {25},
  year      = {2012}
}

@article{anomaly_sec1_1,
author = {Chandola, Varun and Banerjee, Arindam and Kumar, Vipin},
title = {Anomaly Detection: A Survey},
year = {2009},
issue_date = {July 2009},
publisher = {Association for Computing Machinery},
address = {New York, NY, USA},
volume = {41},
number = {3},
issn = {0360-0300},
journal = {ACM Comput. Surv.},
month = {july},
articleno = {15},
numpages = {58}
}

@inproceedings{uncertianty_distillation,
  author    = {Christopher J. Holder and
               Muhammad Shafique},
  title     = {Efficient Uncertainty Estimation in Semantic Segmentation via Distillation},
  booktitle = {{IEEE/CVF} International Conference on Computer Vision Workshops,
               {ICCVW}},
  pages     = {3080--3087},
  publisher = {{IEEE}},
  year      = {2021}
}

@inproceedings{MetaSeg,
  author    = {Philipp Oberdiek and
               Matthias Rottmann and
               Gernot A. Fink},
  title     = {Detection and Retrieval of Out-of-Distribution Objects in Semantic
               Segmentation},
  booktitle = {{IEEE/CVF} Conference on Computer Vision and Pattern Recognition,
               {CVPR} Workshops},
  pages     = {1331--1340},
  publisher = {Computer Vision Foundation / {IEEE}},
  year      = {2020}
}

@inproceedings{SemSeg_Entropy2,
  title     = {Detecting Out of Distribution Objects in Semantic Segmentation of Street Scenes},
  author    = {Br{\"u}ggemann, Dominik and Chan, Robin and Rottmann, Matthias and Gottschalk, Hanno and Bracke, Stefan},
  booktitle = {The 30th European Safety and Reliability Conference (ESREL)},
  volume    = {2},
  year      = {2020}
}

@inproceedings{SemSeg_Entropy1,
  author    = {Robin Chan and
               Matthias Rottmann and
               Hanno Gottschalk},
  title     = {Entropy Maximization and Meta Classification for Out-of-Distribution
               Detection in Semantic Segmentation},
  booktitle = {{IEEE/CVF} International Conference on Computer Vision, {ICCV}},
  pages     = {5108--5117},
  publisher = {{IEEE}},
  year      = {2021}
}

@article{pixel_OOD,
  author    = {Matt Angus and
               Krzysztof Czarnecki and
               Rick Salay},
  title     = {Efficacy of Pixel-Level {OOD} Detection for Semantic Segmentation},
  journal   = {CoRR},
  volume    = {abs/1911.02897},
  year      = {2019}
}

@article{UOOD_RL2,
  author    = {Andreas Sedlmeier and
               Thomas Gabor and
               Thomy Phan and
               Lenz Belzner and
               Claudia Linnhoff{-}Popien},
  title     = {Uncertainty-Based Out-of-Distribution Detection in Deep Reinforcement
               Learning},
  journal   = {CoRR},
  volume    = {abs/1901.02219},
  year      = {2019}
}

@article{UOOD_RL1,
  author    = {Aaqib Parvez Mohammed and
               Matias Valdenegro{-}Toro},
  title     = {Benchmark for Out-of-Distribution Detection in Deep Reinforcement
               Learning},
  journal   = {CoRR},
  volume    = {abs/2112.02694},
  year      = {2021}
}

@inproceedings{Grad_UOOD,
  author    = {Jinsol Lee and
               Ghassan AlRegib},
  title     = {Gradients as a Measure of Uncertainty in Neural Networks},
  booktitle = {{IEEE} International Conference on Image Processing, {ICIP}},
  pages     = {2416--2420},
  publisher = {{IEEE}},
  year      = {2020}
}

@article{UOOD_BNN,
  author    = {Francesco D'Angelo and
               Christian Henning},
  title     = {Uncertainty-based out-of-distribution detection requires suitable
               function space priors},
  journal   = {CoRR},
  volume    = {abs/2110.06020},
  year      = {2021}
}

@inproceedings{JAmersfoot_RBF,
  author    = {Joost van Amersfoort and
               Lewis Smith and
               Yee Whye Teh and
               Yarin Gal},
  title     = {Uncertainty Estimation Using a Single Deep Deterministic Neural Network},
  booktitle = {the 37th International Conference on Machine Learning},
  series    = {Proceedings of Machine Learning Research},
  volume    = {119},
  pages     = {9690--9700},
  publisher = {{PMLR}},
  year      = {2020}
}
@inproceedings{Energy_OOD_1,
  author    = {Weitang Liu and
               Xiaoyun Wang and
               John D. Owens and
               Yixuan Li},
  editor    = {Hugo Larochelle and
               Marc'Aurelio Ranzato and
               Raia Hadsell and
               Maria{-}Florina Balcan and
               Hsuan{-}Tien Lin},
  title     = {Energy-based Out-of-distribution Detection},
  booktitle = {Advances in Neural Information Processing Systems},
  voluem = {33},
  year      = {2020}
}

@article{Energy_OOD_2,
  author    = {Haoran Wang and
               Weitang Liu and
               Alex Bocchieri and
               Yixuan Li},
  title     = {Can multi-label classification networks know what they don't know?},
  journal   = {CoRR},
  volume    = {abs/2109.14162},
  year      = {2021}
}

@article{ReAct,
  author    = {Yiyou Sun and
               Chuan Guo and
               Yixuan Li},
  title     = {ReAct: Out-of-distribution Detection With Rectified Activations},
  journal   = {CoRR},
  volume    = {abs/2111.12797},
  year      = {2021}
}

@article{Maha_plus_ODIN,
  author    = {Ryo Kamoi and
               Kei Kobayashi},
  title     = {Why is the Mahalanobis Distance Effective for Anomaly Detection?},
  journal   = {CoRR},
  volume    = {abs/2003.00402},
  year      = {2020}
}

@article{deep_subensembles,
  author    = {Matias Valdenegro{-}Toro},
  title     = {Deep Sub-Ensembles for Fast Uncertainty Estimation in Image Classification},
  journal   = {CoRR},
  volume    = {abs/1910.08168},
  year      = {2019}
}

@inproceedings{masksembles,
  author    = {Nikita Durasov and
               Timur M. Bagautdinov and
               Pierre Baqu{\'{e}} and
               Pascal Fua},
  title     = {Masksembles for Uncertainty Estimation},
  booktitle = {{IEEE} Conference on Computer Vision and Pattern Recognition, {CVPR}},
  pages     = {13539--13548},
  publisher = {Computer Vision Foundation / {IEEE}},
  year      = {2021}
}

@inproceedings{Dropout,
  author    = {Yarin Gal and
               Zoubin Ghahramani},
  editor    = {Maria{-}Florina Balcan and
               Kilian Q. Weinberger},
  title     = {Dropout as a Bayesian Approximation: Representing Model Uncertainty
               in Deep Learning},
  booktitle = {Proceedings of the 33nd International Conference on Machine Learning,
               {ICML}},
  series    = {{JMLR} Workshop and Conference Proceedings},
  volume    = {48},
  pages     = {1050--1059},
  publisher = {JMLR.org},
  year      = {2016}
}

@inproceedings{snapshot_ensembles,
  author    = {Gao Huang and
               Yixuan Li and
               Geoff Pleiss and
               Zhuang Liu and
               John E. Hopcroft and
               Kilian Q. Weinberger},
  title     = {Snapshot Ensembles: Train 1, Get {M} for Free},
  booktitle = {5th International Conference on Learning Representations, {ICLR}},
  publisher = {OpenReview.net},
  year      = {2017}
}

@inproceedings{NAS_Ensembles,
  author    = {Emily J. Herron and
               Steven R. Young and
               Thomas E. Potok},
  editor    = {Heike Jagode and
               Hartwig Anzt and
               Guido Juckeland and
               Hatem Ltaief},
  title     = {Ensembles of Networks Produced from Neural Architecture Search},
  booktitle = {High Performance Computing - {ISC} High Performance International
               Workshops},
  series    = {Lecture Notes in Computer Science},
  volume    = {12321},
  pages     = {223--234},
  publisher = {Springer},
  year      = {2020}
}

@inproceedings{Flipout,
  author    = {Yeming Wen and
               Paul Vicol and
               Jimmy Ba and
               Dustin Tran and
               Roger B. Grosse},
  title     = {Flipout: Efficient Pseudo-Independent Weight Perturbations on Mini-Batches},
  booktitle = {6th International Conference on Learning Representations, {ICLR}},
  year      = {2018}
}

@inproceedings{Gaussian_Priors,
  author    = {Geoffrey E. Hinton and
               Drew van Camp},
  editor    = {Lenny Pitt},
  title     = {Keeping the Neural Networks Simple by Minimizing the Description Length
               of the Weights},
  booktitle = {Proceedings of the Sixth Annual {ACM} Conference on Computational
               Learning Theory, {COLT}},
  pages     = {5--13},
  publisher = {{ACM}},
  year      = {1993}
}

@article{weight_uncertainty,
  author    = {Charles Blundell and
               Julien Cornebise and
               Koray Kavukcuoglu and
               Daan Wierstra},
  title     = {Weight Uncertainty in Neural Networks},
  journal   = {CoRR},
  volume    = {abs/1505.05424},
  year      = {2015}
}

@inproceedings{Non_Gaussian_Priors,
  author    = {Alex Graves},
  editor    = {John Shawe{-}Taylor and
               Richard S. Zemel and
               Peter L. Bartlett and
               Fernando C. N. Pereira and
               Kilian Q. Weinberger},
  title     = {Practical Variational Inference for Neural Networks},
  booktitle = {Advances in Neural Information Processing Systems},
  pages     = {2348--2356},
  volume    = {24},
  year      = {2011}
}

@book{Bishop_Book,
  author    = {Christopher M. Bishop},
  title     = {Pattern recognition and machine learning, 5th Edition},
  series    = {Information science and statistics},
  publisher = {Springer},
  year      = {2007}
}

@article{HMC,
title = {Hybrid Monte Carlo},
journal = {Physics Letters B},
volume = {195},
number = {2},
pages = {216-222},
year = {1987},
issn = {0370-2693},
author = {Simon Duane and A.D. Kennedy and Brian J. Pendleton and Duncan Roweth}
}

@inproceedings{Laplace_approx,
  author    = {John S. Denker and
               Yann LeCun},
  editor    = {Richard Lippmann and
               John E. Moody and
               David S. Touretzky},
  title     = {Transforming Neural-Net Output Levels to Probability Distributions},
  booktitle = {Advances in Neural Information Processing Systems 3, {[NIPS} Conference,
               Denver, Colorado, USA, November 26-29, 1990]},
  pages     = {853--859},
  publisher = {Morgan Kaufmann},
  year      = {1990}
}

@article{entropy_robinson,
  title={Entropy and uncertainty},
  author={Robinson, Derek W},
  journal={Entropy},
  volume={10},
  number={4},
  pages={493--506},
  year={2008},
  publisher={Molecular Diversity Preservation International}
}

@inproceedings{matias_uncertainty,
  author    = {Matias Valdenegro{-}Toro},
  title     = {I Find Your Lack of Uncertainty in Computer Vision Disturbing},
  booktitle = {{IEEE} Conference on Computer Vision and Pattern Recognition Workshops,
               {CVPR}},
  pages     = {1263--1272},
  publisher = {Computer Vision Foundation / {IEEE}},
  year      = {2021}
}

@article{UQ_Survey,
  author    = {Moloud Abdar and
               Farhad Pourpanah and
               Sadiq Hussain and
               Dana Rezazadegan and
               Li Liu and
               Mohammad Ghavamzadeh and
               Paul W. Fieguth and
               Xiaochun Cao and
               Abbas Khosravi and
               U. Rajendra Acharya and
               Vladimir Makarenkov and
               Saeid Nahavandi},
  title     = {A review of uncertainty quantification in deep learning: Techniques,
               applications and challenges},
  journal   = {Information Fusion},
  volume    = {76},
  pages     = {243--297},
  year      = {2021},
  publisher={Elsevier}
}

@article{chang2015shapenet,
  title={Shapenet: An information-rich 3d model repository},
  author={Chang, Angel X and Funkhouser, Thomas and Guibas, Leonidas and Hanrahan, Pat and Huang, Qixing and Li, Zimo and Savarese, Silvio and Savva, Manolis and Song, Shuran and Su, Hao and others},
  journal={arXiv preprint arXiv:1512.03012},
  year={2015}
}

@inproceedings{fogsim,
  author    = {Martin Hahner and
               Christos Sakaridis and
               Dengxin Dai and
               Luc Van Gool},
  title     = {Fog Simulation on Real LiDAR Point Clouds for 3D Object Detection
               in Adverse Weather},
  booktitle = {2021 {IEEE/CVF} International Conference on Computer Vision, {ICCV}
               2021, Montreal, QC, Canada, October 10-17, 2021},
  pages     = {15263--15272},
  publisher = {{IEEE}},
  year      = {2021}
}

@article{ROC_example,
title = {An introduction to ROC analysis},
journal = {Pattern Recognition Letters},
volume = {27},
number = {8},
pages = {861-874},
year = {2006},
note = {ROC Analysis in Pattern Recognition},
issn = {0167-8655},
author = {Tom Fawcett}
}

@article{Cao,
  author    = {Tianshi Cao and
               Chinwei Huang and
               David Yu{-}Tung Hui and
               Joseph Paul Cohen},
  title     = {A Benchmark of Medical Out of Distribution Detection},
  journal   = {CoRR},
  volume    = {abs/2007.04250},
  year      = {2020}
}

@inproceedings{deeplabv3,
  author    = {Salih Can Yurtkulu and
               Yusuf H{\"{u}}seyin Sahin and
               G{\"{o}}zde B. {\"{U}}nal},
  title     = {Semantic Segmentation with Extended DeepLabv3 Architecture},
  booktitle = {27th Signal Processing and Communications Applications Conference,
               {SIU}},
  pages     = {1--4},
  publisher = {{IEEE}},
  year      = {2019}
}
@article{spatialpyramidpool,
  author    = {Chengli Peng and
               Jiayi Ma},
  title     = {Semantic segmentation using stride spatial pyramid pooling and dual
               attention decoder},
  journal   = {Pattern Recognition},
  volume    = {107},
  pages     = {107498},
  year      = {2020}
}
@inproceedings{fcn,
  author    = {Zilong Zhong and
               Jonathan Li and
               Weihong Cui and
               Han Jiang},
  title     = {Fully convolutional networks for building and road extraction: Preliminary
               results},
  booktitle = {{IEEE} International Geoscience and Remote Sensing Symposium,
               {IGARSS}},
  pages     = {1591-1594},
  publisher = {{IEEE}},
  year      = {2016}
}

@article{lidar,
  title={An introduction to automotive lidar},
  author={Khader, Motaz and Cherian, Samir},
  journal={Texas Instruments Incorporated},
  year={2020}
}